@FOOTNOTE{Note1,key="Note1",note="Tengo que agregar un apéndice explicando las coordenadas locales."}
@FOOTNOTE{Note2,key="Note2",note="¿Cuán factible es afirmar esto? No discuto que funciona, sino porqué :)"}
@FOOTNOTE{Note3,key="Note3",note="Agregar referencia"}
@FOOTNOTE{Note4,key="Note4",note="Agregar también un apéndice de ecuatoriales"}
@FOOTNOTE{Note5,key="Note5",note="Agregar fórmulas de cambio de sistema de referencia ecuatorial-local"}
@FOOTNOTE{Note6,key="Note6",note="Faltaría mencionar el producto de versor de esta representación para decir sale de acá, en el apéndice capaz. No sé, al final el cálculo me sale fácil poniendo todo en cartesianas.)"}
@CONTROL{REVTEX41Control}
@CONTROL{apsrev41Control,author="08",editor="1",pages="0",title="",year="1"}
