@article{CIC,
  title = {Observations of Extensive Air Showers near the Maximum of Their Longitudinal Development},
  author = {Hersil, J. and Escobar, I. and Scott, D. and Clark, G. and Olbert, S.},
  journal = {Phys. Rev. Lett.},
  volume = {6},
  issue = {1},
  pages = {22--23},
  numpages = {0},
  year = {1961},
  month = {Jan},
  publisher = {American Physical Society},
  doi = {10.1103/PhysRevLett.6.22},
  url = {https://link.aps.org/doi/10.1103/PhysRevLett.6.22}
}

@article{gora2006universal,
  title={Universal lateral distribution of energy deposit in air showers and its application to shower reconstruction},
  author={Gora, Dariusz and Engel, R and Heck, D and Homola, P and Klages, H and Pe, J and Risse, M and Wilczy{\'n}ska, B and Wilczy{\'n}ski, H and others},
  journal={Astroparticle Physics},
  volume={24},
  number={6},
  pages={484--494},
  year={2006},
  publisher={Elsevier}
}


@article{matthews2005heitler,
  title={A Heitler model of extensive air showers},
  author={Matthews, James},
  journal={Astroparticle Physics},
  volume={22},
  number={5-6},
  pages={387--397},
  year={2005},
  publisher={Elsevier}
}


@article{collaboration2013pierre,
   title={{The Pierre Auger Observatory: Contributions to the 33rd International Cosmic Ray Conference (ICRC 2013)}},
   author={{The Pierre Auger Collaboration}},
   year={2013},
   eprint={1307.5059},
   archivePrefix={arXiv},
   primaryClass={astro-ph.HE}
}

@article{data,
  title={{The Pierre Auger Observatory: Contributions to the 36th International Cosmic Ray Conference (ICRC 2019)}},
  author={{The Pierre Auger Collaboration}},
  year={2019},
  eprint={1909.09073},
  archivePrefix={arXiv},
  primaryClass={astro-ph.HE}
}

@article{kit_oracle,
    title={Imagen extraída de {Auger Oracle del KIT}. {Visitada el 28/11/2019}},
    author = {},
    journal = {},
    volume = {},
    issue = {},
    pages = {},
    numpages = {},
    year = {},
    month = {},
    publisher = {},
    doi = {},
    url = {https://web.ikp.kit.edu/augeroracle/lib/exe/fetch.php?media=auger:telescope.jpeg}
  
    }

@article{collaboration2009atmospheric,
  title={{Atmospheric effects on extensive air showers observed with the Surface Detector of the Pierre Auger Observatory}},
  author={{The Pierre Auger Collaboration}},
  year={2009},
  eprint={0906.5497},
  archivePrefix={arXiv},
  primaryClass={astro-ph.IM}
}

@article{isabel, 
  title= {Comunicación personal con {Isabelle Lhenry-Yvon}},
  author={} 
  }

@article{como_funciona_auger,
  title = "{The Pierre Auger Cosmic Ray Observatory}",
  journal = "Nuclear Instruments and Methods in Physics Research Section A: Accelerators, Spectrometers, Detectors and Associated Equipment",
  volume = "798",
  pages = "172 - 213",
  year = "2015",
  issn = "0168-9002",
  doi = "https://doi.org/10.1016/j.nima.2015.06.058",
  url = "http://www.sciencedirect.com/science/article/pii/S0168900215008086",
}

@article{PGD,
    author = "Zyla, P. A. and others",
    collaboration = "Particle Data Group",
    title = "{Review of Particle Physics}",
    doi = "10.1093/ptep/ptaa104",
    journal = "PTEP",
    volume = "2020",
    number = "8",
    pages = "083C01",
    year = "2020"
}

@article{hess1912,
  title={{\"U}ber Beobachtungen der durchdringenden Strahlung bei sieben Freiballonfahrten},
  author={Hess, Victor F},
  journal={Phys. Z.},
  volume={13},
  pages={1084--1091},
  year={1912}
}

@article{linsley,
  title = {Evidence for a Primary Cosmic-Ray Particle with Energy ${10}^{20}$ eV},
  author = {Linsley, John},
  journal = {Phys. Rev. Lett.},
  volume = {10},
  issue = {4},
  pages = {146--148},
  numpages = {0},
  year = {1963},
  month = {Feb},
  publisher = {American Physical Society},
  doi = {10.1103/PhysRevLett.10.146},
  url = {https://link.aps.org/doi/10.1103/PhysRevLett.10.146}
}


@article{aab2017impact,
  title={{Impact of atmospheric effects on the energy reconstruction of air showers observed by the surface detectors of the Pierre Auger Observatory}},
  author={Aab, Alexander and Abreu, P and Aglietta, M and Al Samarai, I and Albuquerque, IFM and Allekotte, I and Almela, A and Castillo, J Alvarez and Alvarez-Muniz, J and Anastasi, GA and others},
  journal={Journal of Instrumentation},
  volume={12},
  number={02},
  pages={P02006},
  year={2017},
  publisher={IOP Publishing}
}


@article{tobepublished,
  title = {Measurement of the cosmic-ray energy spectrum above $2.5\ifmmode\times\else\texttimes\fi{}{10}^{18}\text{ }\text{ }\mathrm{eV}$ using the Pierre Auger Observatory},
  author = {Aab, A. and Abreu, P. and Aglietta, M. and Albury, J. M. and Allekotte, I. and Almela, A. and Alvarez Castillo, J. and Alvarez-Mu\~niz, J. and Alves Batista, R. and Anastasi},
  collaboration = {The Pierre Auger Collaboration},
  journal = {Phys. Rev. D},
  volume = {102},
  issue = {6},
  pages = {062005},
  numpages = {27},
  year = {2020},
  month = {Sep},
  publisher = {American Physical Society},
  doi = {10.1103/PhysRevD.102.062005},
  url = {https://link.aps.org/doi/10.1103/PhysRevD.102.062005}
}


@article{bird1994cosmic,
  title={The cosmic-ray energy spectrum observed by the Fly's Eye},
  author={Bird, DJa and Corbato, SC and Dai, HY and Dawson, BR and Elbert, JW and Emerson, BL and Green, KD and Huang, MA and Kieda, DB and Luo, M and others},
  journal={The Astrophysical Journal},
  volume={424},
  pages={491--502},
  year={1994}
}


@article{berezinsky2006astrophysical,
  title={On astrophysical solution to ultrahigh energy cosmic rays},
  author={Berezinsky, Veniamin and Gazizov, Askhat and Grigorieva, Svetlana},
  journal={Physical Review D},
  volume={74},
  number={4},
  pages={043005},
  year={2006},
  publisher={APS}
}


@article{greisen1966end,
  title={End to the cosmic-ray spectrum?},
  author={Greisen, Kenneth},
  journal={Physical Review Letters},
  volume={16},
  number={17},
  pages={748},
  year={1966},
  publisher={APS}
}


@article{zatsepin1966upper,
  title={Upper limit of the spectrum of cosmic rays},
  author={Zatsepin, Georgi T and Kuzmin, Vadem A},
  journal={Journal of Experimental and Theoretical Physics Letters (JETP Letters)},
  volume={4},
  number={3},
  pages={78--80},
  year={1966},
  publisher={Pleiades Publishing, Ltd.(Плеадес Паблишинг, Лтд)}
}


@article{exposure,
title = "{Trigger and aperture of the surface detector array of the Pierre Auger Observatory}",
journal = "Nuclear Instruments and Methods in Physics Research Section A: Accelerators, Spectrometers, Detectors and Associated Equipment",
volume = "613",
number = "1",
pages = "29 - 39",
year = "2010",
issn = "0168-9002",
doi = "https://doi.org/10.1016/j.nima.2009.11.018",
url = "http://www.sciencedirect.com/science/article/pii/S0168900209021688",
author = "J. Abraham and P. Abreu and M. Aglietta and E.J. Ahn and D. Allard and I. Allekotte and J. Allen and J. Alvarez-Muñiz and M. Ambrosio and L. Anchordoqui and S. Andringa and T. Antičić and A. Anzalone and C. Aramo and E. Arganda and K. Arisaka and F. Arqueros and H. Asorey and P. Assis and J. Aublin and M. Ave and G. Avila and T. Bäcker and D. Badagnani and M. Balzer and K.B. Barber and A.F. Barbosa and S.L.C. Barroso and B. Baughman and P. Bauleo and J.J. Beatty and B.R. Becker and K.H. Becker and A. Bellétoile and J.A. Bellido and S. BenZvi and C. Berat and T. Bergmann and X. Bertou and P.L. Biermann and P. Billoir and O. Blanch-Bigas and F. Blanco and M. Blanco and C. Bleve and H. Blümer and M. Boháčová and D. Boncioli and C. Bonifazi and R. Bonino and N. Borodai and J. Brack and P. Brogueira and W.C. Brown and R. Bruijn and P. Buchholz and A. Bueno and R.E. Burton and N.G. Busca and K.S. Caballero-Mora and L. Caramete and R. Caruso and A. Castellina and O. Catalano and G. Cataldi and L. Cazon and R. Cester and J. Chauvin and A. Chiavassa and J.A. Chinellato and A. Chou and J. Chudoba and R.W. Clay and E. Colombo and M.R. Coluccia and R. Conceição and F. Contreras and H. Cook and M.J. Cooper and J. Coppens and A. Cordier and U. Cotti and S. Coutu and C.E. Covault and A. Creusot and A. Criss and J. Cronin and A. Curutiu and S. Dagoret-Campagne and R. Dallier and K. Daumiller and B.R. Dawson and R.M. de Almeida and M. De Domenico and C. De Donato and S.J. de Jong and G. De La Vega and W.J.M. de Mello Junior and J.R.T. de Mello Neto and I. De Mitri and V. de Souza and K.D. de Vries and G. Decerprit and L. del Peral and O. Deligny and A. Della Selva and C. Delle Fratte and H. Dembinski and C. Di Giulio and J.C. Diaz and M.L. Díaz Castro and P.N. Diep and C. Dobrigkeit and J.C. D’Olivo and P.N. Dong and A. Dorofeev and J.C. dos Anjos and M.T. Dova and D. D’Urso and I. Dutan and M.A. DuVernois and J. Ebr and R. Engel and M. Erdmann and C.O. Escobar and A. Etchegoyen and P. Facal San Luis and H. Falcke and G. Farrar and A.C. Fauth and N. Fazzini and A. Ferrero and B. Fick and A. Filevich and A. Filipčič and I. Fleck and S. Fliescher and C.E. Fracchiolla and E.D. Fraenkel and U. Fröhlich and W. Fulgione and R.F. Gamarra and S. Gambetta and B. García and D. García Gámez and D. Garcia-Pinto and X. Garrido and G. Gelmini and H. Gemmeke and P.L. Ghia and U. Giaccari and M. Giller and H. Glass and L.M. Goggin and M.S. Gold and G. Golup and F. Gomez Albarracin and M. Gómez Berisso and P. Gonçalves and D. Gonzalez and J.G. Gonzalez and D. Góra and A. Gorgi and P. Gouffon and S.R. Gozzini and E. Grashorn and S. Grebe and M. Grigat and A.F. Grillo and Y. Guardincerri and F. Guarino and G.P. Guedes and J.D. Hague and V. Halenka and P. Hansen and D. Harari and S. Harmsma and J.L. Harton and A. Haungs and T. Hebbeker and D. Heck and A.E. Herve and C. Hojvat and V.C. Holmes and P. Homola and J.R. Hörandel and A. Horneffer and M. Hrabovský and T. Huege and M. Hussain and M. Iarlori and A. Insolia and F. Ionita and A. Italiano and S. Jiraskova and K. Kadija and M. Kaducak and K.H. Kampert and T. Karova and P. Kasper and B. Kégl and B. Keilhauer and A. Keivani and J. Kelley and E. Kemp and R.M. Kieckhafer and H.O. Klages and M. Kleifges and J. Kleinfeller and R. Knapik and J. Knapp and D.-H. Koang and A. Krieger and O. Krömer and D. Kruppke-Hansen and F. Kuehn and D. Kuempel and K. Kulbartz and N. Kunka and A. Kusenko and G. La Rosa and C. Lachaud and B.L. Lago and P. Lautridou and M.S.A.B. Leão and D. Lebrun and P. Lebrun and J. Lee and M.A. Leigui de Oliveira and A. Lemiere and A. Letessier-Selvon and I. Lhenry-Yvon and R. López and A. Lopez Agüera and K. Louedec and J. Lozano Bahilo and A. Lucero and M. Ludwig and H. Lyberis and M.C. Maccarone and C. Macolino and S. Maldera and D. Mandat and P. Mantsch and A.G. Mariazzi and V. Marin and I.C. Maris and H.R. Marquez Falcon and G. Marsella and D. Martello and O. Martínez Bravo and H.J. Mathes and J. Matthews and J.A.J. Matthews and G. Matthiae and D. Maurizio and P.O. Mazur and M. McEwen and G. Medina-Tanco and M. Melissas and D. Melo and E. Menichetti and A. Menshikov and C. Meurer and S. Mičanović and M.I. Micheletti and W. Miller and L. Miramonti and S. Mollerach and M. Monasor and D. Monnier Ragaigne and F. Montanet and B. Morales and C. Morello and E. Moreno and J.C. Moreno and C. Morris and M. Mostafá and S. Mueller and M.A. Muller and R. Mussa and G. Navarra and J.L. Navarro and S. Navas and P. Necesal and L. Nellen and P.T. Nhung and N. Nierstenhoefer and D. Nitz and D. Nosek and L. Nožka and M. Nyklicek and J. Oehlschläger and A. Olinto and P. Oliva and V.M. Olmos-Gilbaja and M. Ortiz and N. Pacheco and D. Pakk Selmi-Dei and M. Palatka and J. Pallotta and N. Palmieri and G. Parente and E. Parizot and S. Parlati and A. Parra and J. Parrisius and R.D. Parsons and S. Pastor and T. Paul and V. Pavlidou and K. Payet and M. Pech and J. Pe¸kala and R. Pelayo and I.M. Pepe and L. Perrone and R. Pesce and E. Petermann and S. Petrera and P. Petrinca and A. Petrolini and Y. Petrov and J. Petrovic and C. Pfendner and R. Piegaia and T. Pierog and M. Pimenta and V. Pirronello and M. Platino and V.H. Ponce and M. Pontz and P. Privitera and M. Prouza and E.J. Quel and J. Rautenberg and O. Ravel and D. Ravignani and A. Redondo and B. Revenu and F.A.S. Rezende and J. Ridky and S. Riggi and M. Risse and P. Ristori and C. Rivière and V. Rizi and C. Robledo and G. Rodriguez and J. Rodriguez Martino and J. Rodriguez Rojo and I. Rodriguez-Cabo and M.D. Rodríguez-Frías and G. Ros and J. Rosado and T. Rossler and M. Roth and B. Rouillé-d’Orfeuil and E. Roulet and A.C. Rovero and F. Salamida and H. Salazar and G. Salina and F. Sánchez and M. Santander and C.E. Santo and E. Santo and E.M. Santos and F. Sarazin and S. Sarkar and R. Sato and N. Scharf and V. Scherini and H. Schieler and P. Schiffer and A. Schmidt and F. Schmidt and T. Schmidt and O. Scholten and H. Schoorlemmer and J. Schovancova and P. Schovánek and F. Schroeder and S. Schulte and F. Schüssler and D. Schuster and S.J. Sciutto and M. Scuderi and A. Segreto and D. Semikoz and M. Settimo and R.C. Shellard and I. Sidelnik and B.B. Siffert and G. Sigl and A. ŚmiaŁkowski and R. Šmída and G.R. Snow and P. Sommers and J. Sorokin and H. Spinka and R. Squartini and J. Stasielak and M. Stephan and E. Strazzeri and A. Stutz and F. Suarez and T. Suomijärvi and A.D. Supanitsky and T. S˘ua and M.S. Sutherland and J. Swain and Z. Szadkowski and A. Tamashiro and A. Tamburro and A. Tapia and T. Tarutina and O. Taşcău and R. Tcaciuc and D. Tcherniakhovski and D. Tegolo and N.T. Thao and D. Thomas and J. Tiffenberg and C. Timmermans and W. Tkaczyk and C.J. Todero Peixoto and B. Tomé and A. Tonachini and P. Travnicek and D.B. Tridapalli and G. Tristram and E. Trovato and M. Tueros and R. Ulrich and M. Unger and M. Urban and J.F. Valdés Galicia and I. Valiño and L. Valore and A.M. van den Berg and J.R. Vázquez and R.A. Vázquez and D. Veberič and T. Venters and V. Verzi and M. Videla and L. Villaseñor and S. Vorobiov and L. Voyvodic and H. Wahlberg and P. Wahrlich and O. Wainberg and D. Warner and A.A. Watson and S. Westerhoff and B.J. Whelan and G. Wieczorek and L. Wiencke and B. Wilczyńska and H. Wilczyński and C. Williams and T. Winchen and M.G. Winnick and B. Wundheiler and T. Yamamoto and P. Younk and G. Yuan and A. Yushkov and E. Zas and D. Zavrtanik and M. Zavrtanik and I. Zaw and A. Zepeda and M. Ziolkowski",
keywords = "Ultra high energy cosmic rays, Auger Observatory, Extensive air showers, Trigger, Exposure",
abstract = "The surface detector array of the Pierre Auger Observatory consists of 1600 water-Cherenkov detectors, for the study of extensive air showers (EAS) generated by ultra-high-energy cosmic rays. We describe the trigger hierarchy, from the identification of candidate showers at the level of a single detector, amongst a large background (mainly random single cosmic ray muons), up to the selection of real events and the rejection of random coincidences. Such trigger makes the surface detector array fully efficient for the detection of EAS with energy above 3×1018eV, for all zenith angles between 0∘ and 60∘, independently of the position of the impact point and of the mass of the primary particle. In these range of energies and angles, the exposure of the surface array can be determined purely on the basis of the geometrical acceptance."
}




///////////////////////////////////////////////////// Anisotropy

@article{linsley1975fluctuation,
  title={Fluctuation effects on directional data},
  author={Linsley, John},
  journal={Physical Review Letters},
  volume={34},
  number={24},
  pages={1530},
  year={1975},
  publisher={APS}
}


@book{pierre2013plans,
  title={Plans for a proposal to upgrade the {Pierre Auger Observatory}},
  author={{Pierre Auger Collaboration}},
  year={2013},
  publisher={Pierre Auger Collaboration}
}

@article{linsley1961extremely,
  title={Extremely energetic cosmic-ray event},
  author={Linsley, John and Scarsi, Livio and Rossi, Bruno},
  journal={Phys. Rev. Lett.},
  volume={6},
  number={9},
  pages={485},
  year={1961},
  publisher={APS}
  }


@article{triggers_ref,
title={Exploring the energy threshold for full trigger efficiency of the Surface Detector with Hybrid events {GAP 2018-038} },
author={Justin M. Albury, Jose A. Bellido, Bruce R. Dawson},
journal={Artículo interno de la colaboración Pierre Auger},
year={2018}
}

@article{farley1954sidereal,
  title={The sidereal correlation of extensive air showers},
  author={Farley, FJM and Storey, JR},
  journal={Proceedings of the Physical Society. Section A},
  volume={67},
  number={11},
  pages={996},
  year={1954},
  publisher={IOP Publishing}
}



@article{abreu2012description,
  title={Description of atmospheric conditions at the {Pierre Auger Observatory} using the global data assimilation system {(GDAS)}},
  author={Abreu, Pedro and Aglietta, M and Ahlers, M and Ahn, EJ and Albuquerque, Ivone Freire da Mota and Allard, D and Allekotte, I and Allen, J and Allison, P and Almela, A and others},
  journal={Astroparticle Physics},
  volume={35},
  number={9},
  pages={591--607},
  year={2012},
  publisher={Elsevier}
}



@article{abraham2009atmospheric,
  title={Atmospheric effects on extensive air showers observed with the Surface Detector of the {Pierre Auger Observatory}},
  author={Abraham, J and Abreu, P and Aglietta, M and Aguirre, C and Ahn, EJ and Allard, D and Allekotte, I and Allen, J and Allison, P and Alvarez-Muniz, J and others},
  journal={Astroparticle Physics},
  volume={32},
  number={2},
  pages={89--99},
  year={2009},
  publisher={Elsevier}
}


}


@phdthesis{taborda,
  title={{Estudios de anisotropías a grandes escalas angulares de los rayos cósmicos de alta energía detectados por el observatorio Pierre Auger}},
  author={Taborda, O},
  school       = {Instituto Balseiro},
  journal=    {Tesis de Doctorado en Ciencias Físicas},
  year         = 2018,
}


@article{analisis_fourier,
  title = {Fluctuation Effects on Directional Data},
  author = {Linsley, John},
  journal = {Phys. Rev. Lett.},
  volume = {34},
  issue = {24},
  pages = {1530--1533},
  numpages = {0},
  year = {1975},
  month = {Jun},
  publisher = {American Physical Society},
  doi = {10.1103/PhysRevLett.34.1530},
  url = {https://link.aps.org/doi/10.1103/PhysRevLett.34.1530}
}


@article{rayleigh_modificado,
  doi = {10.1088/0004-637x/802/2/111},
  url = {https://doi.org/10.1088/0004-637x/802/2/111},
  year = 2015,
  month = {mar},
  publisher = {{IOP} Publishing},
  volume = {802},
  number = {2},
  pages = {111},
  author = {A. Aab and P. Abreu and M. Aglietta and E. J. Ahn and I. Al Samarai and I. F. M. Albuquerque and I. Allekotte and J.},
  title = {{LARGE} {SCALE} {DISTRIBUTION} {OF} {ULTRA} {HIGH} {ENERGY} {COSMIC} {RAYS} {DETECTED} {AT} {THE} {PIERRE} {AUGER} {OBSERVATORY} {WITH} {ZENITH} {ANGLES} {UP} {TO} 80{\textdegree}},
  journal = {The Astrophysical Journal},
  abstract = {We present the results of an analysis of the large angular scale distribution of the arrival directions of cosmic rays with energy above 4 EeV detected at the {Pierre Auger Observatory} including for the first time events with zenith angle between 60° and 80°. We perform two Rayleigh analyses, one in the right ascension and one in the azimuth angle distributions, that are sensitive to modulations in right ascension and declination, respectively. The largest departure from isotropy appears in the  EeV energy bin, with an amplitude for the first harmonic in right ascension , that has a chance probability , reinforcing the hint previously reported with vertical events alone.}
}


@article{referencia_pesos,
  author = {A. Aab and P. Abreu and M. Aglietta and I. F. M. Albuquerque and J. M. Albury and I. Allekotte et al.},
  title = {Large-scale Cosmic-Ray Anisotropies above 4 {EeV} Measured by the {Pierre Auger Observatory}},
  journal = {The Astrophysical Journal},
  abstract = {We present a detailed study of the large-scale anisotropies of cosmic rays with energies above 4 EeV measured using the {Pierre Auger Observatory}. For the energy bins [4, 8] EeV and E ≥ 8 EeV, the most significant signal is a dipolar modulation in R.A. at energies above 8 EeV, as previously reported. In this paper we further scrutinize the highest-energy bin by splitting it into three energy ranges. We find that the amplitude of the dipole increases with energy above 4 EeV. The growth can be fitted with a power law with index β = 0.79 ± 0.19. The directions of the dipoles are consistent with an extragalactic origin of these anisotropies at all the energies considered. Additionally, we have estimated the quadrupolar components of the anisotropy: they are not statistically significant. We discuss the results in the context of the predictions from different models for the distribution of ultrahigh-energy sources and cosmic magnetic fields.},
  year = 2018,
  month = {nov},
  publisher = {American Astronomical Society},
  volume = {868},
  number = {1},
  pages = {4},
  doi = {10.3847/1538-4357/aae689},
  url = {https://doi.org/10.3847/1538-4357/aae689}
  }

@article{referencia_anis,
  title={Observation of a large-scale anisotropy in the arrival directions of cosmic rays above 8$\times 10^18$ eV},
  author={Aab, Alexander and Abreu, Pedro and Aglietta, Marco and Al Samarai, Imen and Albuquerque, IFM and Allekotte, Ingomar and Almela, Alejandro and Castillo, J Alvarez and Alvarez-Mu{\~n}iz, Jaime and Anastasi, Gioacchino Alex and others},
  journal={Science},
  volume={357},
  number={6357},
  pages={1266--1270},
  year={2017},
  publisher={American Association for the Advancement of Science}
}


@article{resolucion_barrido,
title = "Search for first harmonic modulation in the right ascension distribution of cosmic rays detected at the Pierre Auger Observatory",
journal = "Astroparticle Physics",
volume = "34",
number = "8",
pages = "627 - 639",
year = "2011",
issn = "0927-6505",
doi = "https://doi.org/10.1016/j.astropartphys.2010.12.007",
url = "http://www.sciencedirect.com/science/article/pii/S0927650510002422",
author = "P. Abreu and M. Aglietta and E.J. Ahn and I.F.M. Albuquerque and D. Allard and I. Allekotte and J. Allen and P. Allison and J. {Alvarez Castillo} and J. Alvarez-Muñiz and M. Ambrosio and A. Aminaei and L. Anchordoqui and S. Andringa and T. Antičić and C. Aramo and E. Arganda and ",
keywords = "Ultra-high energy cosmic rays, Large scale anisotropies, Pierre Auger Observatory",
abstract = "We present the results of searches for dipolar-type anisotropies in different energy ranges above 2.5×1017eV with the surface detector array of the Pierre Auger Observatory, reporting on both the phase and the amplitude measurements of the first harmonic modulation in the right-ascension distribution. Upper limits on the amplitudes are obtained, which provide the most stringent bounds at present, being below 2% at 99% C.L. for EeV energies. We also compare our results to those of previous experiments as well as with some theoretical expectations."
}