@article{Aab_2020,
	doi = {10.3847/1538-4357/ab7236},
	url = {https://doi.org/10.3847/1538-4357/ab7236},
	year = 2020,
	month = {mar},
	publisher = {American Astronomical Society},
	volume = {891},
	number = {2},
	pages = {142},
	author = { {Aab A. et al.}},
	title = {{Cosmic-Ray Anisotropies in Right Ascension Measured by the {Pierre Auger Observatory}}},
	journal = {The Astrophysical Journal},
}


@article{codigo,
  author =	 {},
  title =	 {Este valor fue obtenido con el c√≥digo implementado en el trabajo \cite{Aab_2020}} ,
  publisher =	 {}
}

