@FOOTNOTE{Note1,key="Note1",note=" Donde CL=.99 para un 99\protect \% o CL=0.68 para un 68\protect \%,"}
@CONTROL{REVTEX41Control}
@CONTROL{apsrev41Control,author="08",editor="1",pages="0",title="",year="1"}
