@FOOTNOTE{Note1,key="Note1",note="el archivo que bajo de \protect \url  {http://ipnwww.in2p3.fr/~augers/AugerProtected/herald.php} "}
@FOOTNOTE{Note2,key="Note2",note="$1372680308$"}
@FOOTNOTE{Note3,key="Note3",note="$1388577600$"}
@FOOTNOTE{Note4,key="Note4",note="$1577880000$"}
@FOOTNOTE{Note5,key="Note5",note="Valor de S38 sin la correcc\IeC {\'o}n del clima del paper del 2017"}
@FOOTNOTE{Note6,key="Note6",note="Las correcciones se calcularon para el archivo del disparo est\IeC {\'a}ndar"}
@CONTROL{REVTEX41Control}
@CONTROL{apsrev41Control,author="08",editor="1",pages="0",title="",year="1"}
