@FOOTNOTE{Note1,key="Note1",note="\IeC {\textquestiondown }seg\IeC {\'u}n que par\IeC {\'a}metro est\IeC {\'a} bien reconstru\IeC {\'\i }do? \IeC {\textquestiondown }$\chi ^2$? Entiendo que la lluvia los eventos verticales de baja energ\IeC {\'\i }a tienen una componente e.m. peque\IeC {\~n}a por el damping de la atm\IeC {\'o}sfera cuando est\IeC {\'a}n muy inclinadas."}
@FOOTNOTE{Note2,key="Note2",note="el archivo que bajo de \protect \url  {http://ipnwww.in2p3.fr/~augers/AugerProtected/herald.php} "}
@FOOTNOTE{Note3,key="Note3",note="Mon, 1 July 2013 12:05:08 GMT"}
@FOOTNOTE{Note4,key="Note4",note="Thur, 1 January 2014 12:00:00 GMT"}
@CONTROL{REVTEX41Control}
@CONTROL{apsrev41Control,author="08",editor="1",pages="0",title="",year="1"}
