@FOOTNOTE{Note1,key="Note1",note="el archivo que bajo de \protect \url  {http://ipnwww.in2p3.fr/~augers/AugerProtected/herald.php} "}
@FOOTNOTE{Note2,key="Note2",note="Mon, 1 July 2013 12:05:08 GMT"}
@FOOTNOTE{Note3,key="Note3",note="Thur, 1 January 2014 12:00:00 GMT"}
@CONTROL{REVTEX41Control}
@CONTROL{apsrev41Control,author="08",editor="1",pages="0",title="",year="1"}
