@article{abreu2012description,
  title={Description of atmospheric conditions at the Pierre Auger Observatory using the global data assimilation system (GDAS)},
  author={Abreu, Pedro and Aglietta, M and Ahlers, M and Ahn, EJ and Albuquerque, Ivone Freire da Mota and Allard, D and Allekotte, I and Allen, J and Allison, P and Almela, A and others},
  journal={Astroparticle Physics},
  volume={35},
  number={9},
  pages={591--607},
  year={2012},
  publisher={Elsevier}
}



@article{abraham2009atmospheric,
  title={Atmospheric effects on extensive air showers observed with the Surface Detector of the Pierre Auger Observatory},
  author={Abraham, J and Abreu, P and Aglietta, M and Aguirre, C and Ahn, EJ and Allard, D and Allekotte, I and Allen, J and Allison, P and Alvarez-Muniz, J and others},
  journal={Astroparticle Physics},
  volume={32},
  number={2},
  pages={89--99},
  year={2009},
  publisher={Elsevier}
}

@article{aab2017impact,
  title={{Impact of atmospheric effects on the energy reconstruction of air showers observed by the surface detectors of the Pierre Auger Observatory}},
  author={Aab, Alexander and Abreu, P and Aglietta, M and Al Samarai, I and Albuquerque, IFM and Allekotte, I and Almela, A and Castillo, J Alvarez and Alvarez-Muniz, J and Anastasi, GA and others},
  journal={Journal of Instrumentation},
  volume={12},
  number={02},
  pages={P02006},
  year={2017},
  publisher={IOP Publishing}
}

@thesis{taborda,
  title={{Estudios de anisotropías a grandes escalas angulares de los rayos cósmicos de alta energía detectados por el observatorio Pierre Auger}},
  author={Taborda, O},
  journal={Tesis en},
  volume={12},
  number={02},
  pages={P02006},
  year={2017},
  publisher={IOP Publishing}
}

@mastersthesis{taborda,
  title={{Estudios de anisotropías a grandes escalas angulares de los rayos cósmicos de alta energía detectados por el observatorio Pierre Auger}},
  author={Taborda, O},
  school       = {Instituto Balseiro},
  year         = 2018,
  month        = 7
}
