@FOOTNOTE{Note1,key="Note1",note="mod representa la funci\IeC {\'o}n m\IeC {\'o}dulo."}
@CONTROL{REVTEX41Control}
@CONTROL{apsrev41Control,author="08",editor="1",pages="0",title="",year="1"}
