@FOOTNOTE{Note1,key="Note1",note="Obtenido de hacer el ajuste de $E=(S38)^B$ de los eventos de Todos los Disparos"}
@FOOTNOTE{Note2,key="Note2",note="Media del exponente de la curva de RCs en función de la energía. Obtenido de la tesis de doctorado de Oscar Taborda"}
@FOOTNOTE{Note3,key="Note3",note="Line 37: S1000 (S450) corrected (from weather and geomagnetic effects (only weather for infill))"}
@FOOTNOTE{Note4,key="Note4",note="Line 12: S1000"}
@CONTROL{REVTEX41Control}
@CONTROL{apsrev41Control,author="08",editor="1",pages="0",title="",year="1"}
