@FOOTNOTE{Note3,key="Note3",note="Discrepancia de $\protect \sqrt  {2}$ entre lo reportado y entre el código de \cite {Aab_2020}"}
@FOOTNOTE{Note2,key="Note2",note="\label {note1}Obtenido del código usando en el paper \cite {Aab_2020}"}
